@article{makino2001,
	author = {Makino, Kyoko and Berz, Martin},
	journal = {Nonlinear Analysis: Theory, Mehtods and Applications},
	number = {5},
	pages = {3514--3503},
	title = {Higher order verified inclusions of multidimensional systems by taylor models},
	volume = {47},
	year = 2001
}

@book{moore1979,
  author    = {Ramon E. Moore},
  title     = {Methods and applications of interval analysis},
  series    = {{SIAM} studies in applied mathematics},
  publisher = {{SIAM}},
  year      = {1979},
  url       = {https://doi.org/10.1137/1.9781611970906},
  doi       = {10.1137/1.9781611970906},
  isbn      = {978-0-89871-161-5},
  timestamp = {Tue, 23 Jul 2019 16:10:34 +0200},
  biburl    = {https://dblp.org/rec/books/daglib/0000902.bib},
  bibsource = {dblp computer science bibliography, https://dblp.org}
}
@Inbook{Plaschko1989,
author="Plaschko, Peter
and Brod, Klaus",
title="Deterministisches Chaos --- Eine Einf{\"u}hrung",
bookTitle="H{\"o}here mathematische Methoden f{\"u}r Ingenieure und Physiker",
year="1989",
publisher="Springer Berlin Heidelberg",
address="Berlin, Heidelberg",
pages="359--424",
abstract="Alle physikalischen Vorg{\"a}nge sind grunds{\"a}tzlich nich{\"u}inear. Da{\ss} trotz dieser Tatsache der mathematischen Physik so gro{\ss}e Erfolge bei deren Beschreibung, d.h. bei der qualitativen wie quantitativen Voraussage des Verhaltens physikalischer Systeme, beschieden sind, liegt vor allem daran, da{\ss} es fast stets gelingt, die nichtlinearen Ph{\"a}nomene durch ein lineares Gesetz zu approximieren. Die Notwendigkeit der Linearisierung ergibt sich --- mathematisch gesehen --- aus der Tatsache, da{\ss} f{\"u}r nichtlineare Gleichungen fast keine allgemeinen analytischen Verfahren bereitstehen, w{\"a}hrend f{\"u}r lineare Differentialgleichungen --- insbesondere gew{\"o}hnliche --- die analytische Theorie stark ausgebaut ist.",
isbn="978-3-642-83621-3",
doi="10.1007/978-3-642-83621-3_13",
url="https://doi.org/10.1007/978-3-642-83621-3_13"
}


@article{henon1976,
author = "HÃ©non, M.",
fjournal = "Communications in Mathematical Physics",
journal = "Comm. Math. Phys.",
number = "1",
pages = "69--77",
publisher = "Springer",
title = "A two-dimensional mapping with a strange attractor",
url = "https://projecteuclid.org:443/euclid.cmp/1103900150",
volume = "50",
year = "1976"
}

@Misc{ gnuplot ,                    
author={ Thomas Williams and Colin Kelley and {many others} },                
title={ Gnuplot 5.4: an interactive plotting program },                    
year={ 2020 },                    
howpublished={ \url{http://gnuplot.sourceforge.net/} }                    
} 

@inproceedings{DBLP:spandl,
	author = {Spandl, Christoph},
	bibsource = {dblp computer science bibliography, https://dblp.org},
	biburl = {https://dblp.org/rec/journals/corr/abs-1006-0404.bib},
	booktitle = {Proceedings Seventh International Conference on Computability and Complexity in Analysis, {CCA} 2010, Zhenjiang, China, 21-25th June 2010},
	doi = {10.4204/EPTCS.24.18},
	editor = {Zheng, Xizhong and Zhong, Ning},
	pages = {139--150},
	series = {{EPTCS}},
	timestamp = {Wed, 12 Sep 2018 01:05:14 +0200},
	title = {Computational Complexity of Iterated Maps on the Interval (Extended Abstract)},
	url = {https://doi.org/10.4204/EPTCS.24.18},
	volume = {24},
	year = {2010}
}

@inproceedings{DBLP:conf/macis/BrausseKM15,
	author = {Brau{\ss}e, Franz and Korovina, Margarita Vladimirovna and M{\"u}ller, Norbert Th.},
	bibsource = {dblp computer science bibliography, https://dblp.org},
	biburl = {https://dblp.org/rec/conf/macis/BrausseKM15.bib},
	booktitle = {Mathematical Aspects of Computer and Information Sciences - 6th International Conference, {MACIS} 2015, Berlin, Germany, November 11-13, 2015, Revised Selected Papers},
	doi = {10.1007/978-3-319-32859-1\_41},
	editor = {Kotsireas, Ilias S. and Rump, Siegfried M. and Yap, Chee K.},
	pages = {474--488},
	publisher = {Springer},
	series = {Lecture Notes in Computer Science},
	timestamp = {Tue, 14 May 2019 10:00:52 +0200},
	title = {Using Taylor Models in Exact Real Arithmetic},
	url = {https://doi.org/10.1007/978-3-319-32859-1\_41},
	volume = {9582},
    year = {2015}
}

@manual{gmp,
	author = {Granlund, Torbj{\"o}rn and the development team, GMP},
	edition = {6.2.0},
	note = {\url{http://gmplib.org/}},
	title = {{GNU MP}: {T}he {GNU} {M}ultiple {P}recision {A}rithmetic {L}ibrary},
	year = 2020
}

@inproceedings{iRRAM,
	author = {M{\"u}ller, Norbert Th.},
	bibsource = {dblp computer science bibliography, https://dblp.org},
	biburl = {https://dblp.org/rec/conf/cca/Muller00.bib},
	booktitle = {Computability and Complexity in Analysis, 4th International Workshop, {CCA} 2000, Swansea, UK, September 17-19, 2000, Selected Papers},
	doi = {10.1007/3-540-45335-0\_14},
	editor = {Blanck, Jens and Brattka, Vasco and Hertling, Peter},
	pages = {222--252},
	publisher = {Springer},
	series = {Lecture Notes in Computer Science},
	timestamp = {Tue, 14 May 2019 10:00:51 +0200},
	title = {The iRRAM: Exact Arithmetic in {C++}},
	url = {https://doi.org/10.1007/3-540-45335-0\_14},
	volume = {2064},
	year = {2000}
}

@inproceedings{Mller2009EnhancingIE,
	author = {M{\"u}ller, N.},
	title = {Enhancing imperative exact real arithmetic with functions and logic},
	year = {2009}
}

@article{geobuckets,
	author = {Yan, Thomas},
	bibsource = {dblp computer science bibliography, https://dblp.org},
	biburl = {https://dblp.org/rec/journals/jsc/Yan98.bib},
	doi = {10.1006/jsco.1997.0176},
	journal = {J. Symb. Comput.},
	number = {3},
	pages = {285--293},
	timestamp = {Wed, 17 May 2017 14:25:49 +0200},
	title = {The Geobucket Data Structure for Polynomials},
	url = {https://doi.org/10.1006/jsco.1997.0176},
	volume = {25},
	year = {1998}
}

@book{weihrauch,
	author = {Weihrauch, Klaus},
	bibsource = {dblp computer science bibliography, https://dblp.org},
	biburl = {https://dblp.org/rec/series/txtcs/Weihrauch00.bib},
	doi = {10.1007/978-3-642-56999-9},
	isbn = {978-3-540-66817-6},
	publisher = {Springer},
	series = {Texts in Theoretical Computer Science. An {EATCS} Series},
	timestamp = {Tue, 16 May 2017 14:24:38 +0200},
	title = {Computable Analysis - An Introduction},
	url = {https://doi.org/10.1007/978-3-642-56999-9},
	year = {2000}
}

@inproceedings{geobucketsmulti,
	author = {Monagan, Michael B. and Pearce, Roman},
	bibsource = {dblp computer science bibliography, https://dblp.org},
	biburl = {https://dblp.org/rec/conf/casc/MonaganP07.bib},
	booktitle = {Computer Algebra in Scientific Computing, 10th International Workshop, {CASC} 2007, Bonn, Germany, September 16-20, 2007, Proceedings},
	doi = {10.1007/978-3-540-75187-8\_23},
	editor = {Ganzha, Victor G. and Mayr, Ernst W. and Vorozhtsov, Evgenii V.},
	pages = {295--315},
	publisher = {Springer},
	series = {Lecture Notes in Computer Science},
	timestamp = {Tue, 14 May 2019 10:00:46 +0200},
	title = {Polynomial Division Using Dynamic Arrays, Heaps, and Packed Exponent Vectors},
	url = {https://doi.org/10.1007/978-3-540-75187-8\_23},
	volume = {4770},
	year = {2007}
}

