@article{makino2001,
  author = {Kyoko Makino and Martin Berz},
  title = {Higher order verified inclusions of multidimensional systems by taylor models},
  pages =  {3514--3503},
  year = 2001,
  journal = {Nonlinear Analysis: Theory, Mehtods and Applications},
  number = {5},
  volume = {47}
}

@inproceedings{DBLP:conf/macis/BrausseKM15,
  author    = {Franz Brau{\ss}e and
               Margarita Vladimirovna Korovina and
               Norbert Th. M{\"{u}}ller},
  editor    = {Ilias S. Kotsireas and
               Siegfried M. Rump and
               Chee K. Yap},
  title     = {Using Taylor Models in Exact Real Arithmetic},
  booktitle = {Mathematical Aspects of Computer and Information Sciences - 6th International
               Conference, {MACIS} 2015, Berlin, Germany, November 11-13, 2015, Revised
               Selected Papers},
  series    = {Lecture Notes in Computer Science},
  volume    = {9582},
  pages     = {474--488},
  publisher = {Springer},
  year      = {2015},
  url       = {https://doi.org/10.1007/978-3-319-32859-1\_41},
  doi       = {10.1007/978-3-319-32859-1\_41},
  timestamp = {Tue, 14 May 2019 10:00:52 +0200},
  biburl    = {https://dblp.org/rec/conf/macis/BrausseKM15.bib},
  bibsource = {dblp computer science bibliography, https://dblp.org}
}

@Manual{gmp,
 title = 	 "{GNU MP}: {T}he {GNU} {M}ultiple {P}recision
		  {A}rithmetic {L}ibrary",
 author = "Torbj√∂rn Granlund and {the GMP development team}",
 edition = 	 "6.2.0",
 year = 	 2020,
 note = "\url{http://gmplib.org/}"
}

@inproceedings{iRRAM,
  author    = {Norbert Th. M{\"{u}}ller},
  editor    = {Jens Blanck and
               Vasco Brattka and
               Peter Hertling},
  title     = {The iRRAM: Exact Arithmetic in {C++}},
  booktitle = {Computability and Complexity in Analysis, 4th International Workshop,
               {CCA} 2000, Swansea, UK, September 17-19, 2000, Selected Papers},
  series    = {Lecture Notes in Computer Science},
  volume    = {2064},
  pages     = {222--252},
  publisher = {Springer},
  year      = {2000},
  url       = {https://doi.org/10.1007/3-540-45335-0\_14},
  doi       = {10.1007/3-540-45335-0\_14},
  timestamp = {Tue, 14 May 2019 10:00:51 +0200},
  biburl    = {https://dblp.org/rec/conf/cca/Muller00.bib},
  bibsource = {dblp computer science bibliography, https://dblp.org}
}

@inproceedings{Mller2009EnhancingIE,
  title={Enhancing imperative exact real arithmetic with functions and logic},
  author={N. M{\"u}ller},
  year={2009}
}
@article{geobuckets,
  author    = {Thomas Yan},
  title     = {The Geobucket Data Structure for Polynomials},
  journal   = {J. Symb. Comput.},
  volume    = {25},
  number    = {3},
  pages     = {285--293},
  year      = {1998},
  url       = {https://doi.org/10.1006/jsco.1997.0176},
  doi       = {10.1006/jsco.1997.0176},
  timestamp = {Wed, 17 May 2017 14:25:49 +0200},
  biburl    = {https://dblp.org/rec/journals/jsc/Yan98.bib},
  bibsource = {dblp computer science bibliography, https://dblp.org}
}


@book{weihrauch,
  author    = {Klaus Weihrauch},
  title     = {Computable Analysis - An Introduction},
  series    = {Texts in Theoretical Computer Science. An {EATCS} Series},
  publisher = {Springer},
  year      = {2000},
  url       = {https://doi.org/10.1007/978-3-642-56999-9},
  doi       = {10.1007/978-3-642-56999-9},
  isbn      = {978-3-540-66817-6},
  timestamp = {Tue, 16 May 2017 14:24:38 +0200},
  biburl    = {https://dblp.org/rec/series/txtcs/Weihrauch00.bib},
  bibsource = {dblp computer science bibliography, https://dblp.org}
}

@inproceedings{geobucketsmulti,
  author    = {Michael B. Monagan and
               Roman Pearce},
  editor    = {Victor G. Ganzha and
               Ernst W. Mayr and
               Evgenii V. Vorozhtsov},
  title     = {Polynomial Division Using Dynamic Arrays, Heaps, and Packed Exponent
               Vectors},
  booktitle = {Computer Algebra in Scientific Computing, 10th International Workshop,
               {CASC} 2007, Bonn, Germany, September 16-20, 2007, Proceedings},
  series    = {Lecture Notes in Computer Science},
  volume    = {4770},
  pages     = {295--315},
  publisher = {Springer},
  year      = {2007},
  url       = {https://doi.org/10.1007/978-3-540-75187-8\_23},
  doi       = {10.1007/978-3-540-75187-8\_23},
  timestamp = {Tue, 14 May 2019 10:00:46 +0200},
  biburl    = {https://dblp.org/rec/conf/casc/MonaganP07.bib},
  bibsource = {dblp computer science bibliography, https://dblp.org}
}